@inbook{germanaz-2024,
	author = {Axelle Germanaz},
	chapter = {Don't Retreat, Reload: Guns, Rugged Femininity, and Insurrection in Republican Women Candidates' 2022 Midterm Political Advertisements},
	publisher = {transcript Verlag},
	year = {2024},
	title = {Ladies in Arms: Women, Guns, and Feminisms in Contemporary Popular Culture}
}

@misc{dittmar-cawp,
    title = {More Republican women are running for office than ever, but how are they running?},
    author = {Kelly Dittmar},
    year = {2020},
    howpublished = {https://cawp.rutgers.edu/blog/more-republican-women-are-running-office-ever-how-are-they-running}
}

@article{cheng2024yolow,
          title={YOLO-World: Real-Time Open-Vocabulary Object Detection},
          author={Tianheng Cheng and Lin Song and Yixiao Ge and Wenyu Liu and Xinggang Wang and Ying Shan},
          journal={arXiv preprint arXiv:},
          year={2024}
}

@techreport{262a3e8a-f258-3b4a-a589-ce0f62893e5a,
 URL = {http://www.jstor.org/stable/resrep63512},
 author = {Jeffrey Gottfried},
 institution = {Pew Research Center},
 title = {Americans’ Social Media Use: YouTube and Facebook are by far the most used online platforms among U.S. adults; TikTok’s user base has grown since 2021},
 urldate = {2025-02-07},
 year = {2024} 
}     

@inproceedings{NEURIPS2023_d862f7f5,
 author = {Egami, Naoki and Hinck, Musashi and Stewart, Brandon and Wei, Hanying},
 booktitle = {Advances in Neural Information Processing Systems},
 pages = {68589--68601},
 title = {Using Imperfect Surrogates for Downstream Inference: Design-based Supervised Learning for Social Science Applications of Large Language Models},
 volume = {36},
 year = {2023}
}

@article{schneider-bos-2016,
	author = {Monica C. Schneider and Angela L. Bos},
	title = {The Interplay of Candidate Party and Gender in Evaluations of Political Candidates},
	journal = {Journal of Women, Politics, \& Policy},
	volume = {37},
	issue = {3},
	pages = {274--294},
	year = {2016}
}

@article{king-matland-2003,
	author = {David C. King and Richard E. Matland},
	title = {Sex and the Grand Old Party: An Experimental Investigation of the Effect of Candidate Sex on Support for a Republican Candidate},
	journal = {American Politics Research},
	volume = {31},
	number = {6},
	pages = {595--612},
	year = {2003}
}

@article{bauer-2017,
	title = {The effects of counterstereotypic gender strategies on candidate evaluations},
	author = {Nichole M. Bauer},
	journal = {Political Psychology},
	volume = {38},
	number = {2},
	year = {2017}
}

@article{bauer-carpinella-2018,
	author = {Nicole M. Bauer and Colleen Carpinella},
	title = {Visual information and candidate evaluations: The influence of feminine and masculine images on support for female candidates},
	journal = {Political Research Quarterly},
	volume = {71},
	issue = {2},
	year = {2018}
}

@book{connell-1995,
    author = {R.W. Connell},
    title = {Masculinities},
    publisher = {Polity},
    year = {1995}
}

@book{gibson-1994,
    author = {James Gibson},
    title = {Warrior Dreams: Paramilitary Culture in Post-Vietnam America},
    publisher = {Hill and Wang},
    year = {1994}
}

